@misc{a,
  author       = {a},
  howpublished = {a},
  title        = {a},
  year         = {2024}
}